@article{Su2018,
  author    = {Jong{-}Chyi Su and
               Matheus Gadelha and
               Rui Wang and
               Subhransu Maji},
  title     = {A Deeper Look at 3D Shape Classifiers},
  journal   = {CoRR},
  volume    = {abs/1809.02560},
  year      = {2018},
  url       = {http://arxiv.org/abs/1809.02560},
  archivePrefix = {arXiv},
  eprint    = {1809.02560},
  timestamp = {Fri, 05 Oct 2018 11:34:52 +0200},
  biburl    = {https://dblp.org/rec/bib/journals/corr/abs-1809-02560},
  bibsource = {dblp computer science bibliography, https://dblp.org}
}

@InProceedings{Feng2018,
	author = {Feng, Yifan and Zhang, Zizhao and Zhao, Xibin and Ji, Rongrong and Gao, Yue},
	title = {GVCNN: Group-View Convolutional Neural Networks for 3D Shape Recognition},
	booktitle = {The IEEE Conference on Computer Vision and Pattern Recognition (CVPR)},
	month = {June},
	year = {2018}
}